% Encoding: UTF-8

@misc{velarde2020artificial,
      title={Artificial Intelligence and its impact on the Fourth Industrial Revolution: A Review}, 
      author={Gissel Velarde},
      year={2020},
      eprint={2011.03044},
      archivePrefix={arXiv},
      primaryClass={cs.CY}
}

@article{bertoncello2015ten,
  title={Ten ways autonomous driving could redefine the automotive world},
  author={Bertoncello, Michele and Wee, Dominik},
  journal={McKinsey \& Company},
  volume={6},
  year={2015}
}

@article{zhao2023survey,
  title={A survey of large language models},
  author={Zhao, Wayne Xin and Zhou, Kun and Li, Junyi and Tang, Tianyi and Wang, Xiaolei and Hou, Yupeng and Min, Yingqian and Zhang, Beichen and Zhang, Junjie and Dong, Zican and others},
  journal={arXiv preprint arXiv:2303.18223},
  year={2023}
}

@article{gu2021autonomous,
  title={Autonomous vessels: state of the art and potential opportunities in logistics},
  author={Gu, Yewen and Goez, Julio Cesar and Guajardo, Mario and Wallace, Stein W},
  journal={International Transactions in Operational Research},
  volume={28},
  number={4},
  pages={1706--1739},
  year={2021},
  publisher={Wiley Online Library}
}

@book{on2014taxonomy,
  title={Taxonomy and definitions for terms related to on-road motor vehicle automated driving systems},
  author={On-Road Automated Driving (ORAD) Committee},
  year={2014},
  publisher={SAE International}
}

@article{bagloee2016autonomous,
  title={Autonomous vehicles: challenges, opportunities, and future implications for transportation policies},
  author={Bagloee, Saeed Asadi and Tavana, Madjid and Asadi, Mohsen and Oliver, Tracey},
  journal={Journal of modern transportation},
  volume={24},
  pages={284--303},
  year={2016},
  publisher={Springer}
}

@article{voulodimos2018deep,
  title={Deep learning for computer vision: A brief review},
  author={Voulodimos, Athanasios and Doulamis, Nikolaos and Doulamis, Anastasios and Protopapadakis, Eftychios and others},
  journal={Computational intelligence and neuroscience},
  volume={2018},
  year={2018},
  publisher={Hindawi}
}

@article{hane20173d,
  title={3D visual perception for self-driving cars using a multi-camera system: Calibration, mapping, localization, and obstacle detection},
  author={H{\"a}ne, Christian and Heng, Lionel and Lee, Gim Hee and Fraundorfer, Friedrich and Furgale, Paul and Sattler, Torsten and Pollefeys, Marc},
  journal={Image and Vision Computing},
  volume={68},
  pages={14--27},
  year={2017},
  publisher={Elsevier}
}

@article{radiuk2017impact,
  title={Impact of training set batch size on the performance of convolutional neural networks for diverse datasets},
  author={Radiuk, Pavlo M},
  year={2017},
  publisher={Information Technology and Management Science}
}

@article{kirillov2023segment,
  title={Segment anything},
  author={Kirillov, Alexander and Mintun, Eric and Ravi, Nikhila and Mao, Hanzi and Rolland, Chloe and Gustafson, Laura and Xiao, Tete and Whitehead, Spencer and Berg, Alexander C and Lo, Wan-Yen and others},
  journal={arXiv preprint arXiv:2304.02643},
  year={2023}
}

% Add your entries here.

@Comment{jabref-meta: databaseType:bibtex;}
